@ARTICLE{holmberg1941,
   author = {{Holmberg}, E.},
    title = "{On the Clustering Tendencies among the Nebulae. II. a Study of Encounters Between Laboratory Models of Stellar Systems by a New Integration Procedure.}",
  journal = {\apj},
     year = 1941,
    month = nov,
   volume = 94,
    pages = {385},
      doi = {10.1086/144344},
   adsurl = {http://adsabs.harvard.edu/abs/1941ApJ....94..385H},
  adsnote = {Provided by the SAO/NASA Astrophysics Data System}
}

@ARTICLE{hoerner1960,
   author = {{von Hoerner}, S.},
    title = "{Die numerische Integration des n-K{\"o}rper-Problemes f{\"u}r Sternhaufen. I}",
  journal = {\zap},
     year = 1960,
   volume = 50,
   adsurl = {http://adsabs.harvard.edu/abs/1960ZA.....50..184V},
  adsnote = {Provided by the SAO/NASA Astrophysics Data System}
}

@ARTICLE{peebles1970,
   author = {{Peebles}, P.~J.~E.},
    title = "{Structure of the Coma Cluster of Galaxies}",
  journal = {\aj},
     year = 1970,
    month = feb,
   volume = 75,
    pages = {13},
      doi = {10.1086/110933},
   adsurl = {http://adsabs.harvard.edu/abs/1970AJ.....75...13P},
  adsnote = {Provided by the SAO/NASA Astrophysics Data System}
}

@BOOK{hockney1988,
   author = {{Hockney}, R.~W. and {Eastwood}, J.~W.},
    title = "{Computer simulation using particles}",
booktitle = {Bristol: Hilger, 1988},
     year = 1988,
   adsurl = {http://adsabs.harvard.edu/abs/1988csup.book.....H},
  adsnote = {Provided by the SAO/NASA Astrophysics Data System}
}

@ARTICLE{press1974,
   author = {{Press}, W.~H. and {Schechter}, P.},
    title = "{Formation of Galaxies and Clusters of Galaxies by Self-Similar Gravitational Condensation}",
  journal = {\apj},
     year = 1974,
    month = feb,
   volume = 187,
    pages = {425-438},
      doi = {10.1086/152650},
   adsurl = {http://adsabs.harvard.edu/abs/1974ApJ...187..425P},
  adsnote = {Provided by the SAO/NASA Astrophysics Data System}
}

@ARTICLE{wang2016,
   author = {{Wang}, L. and {Spurzem}, R. and {Aarseth}, S. and {Giersz}, M. and 
	{Askar}, A. and {Berczik}, P. and {Naab}, T. and {Schadow}, R. and 
	{Kouwenhoven}, M.~B.~N.},
    title = "{The DRAGON simulations: globular cluster evolution with a million stars}",
  journal = {\mnras},
archivePrefix = "arXiv",
   eprint = {1602.00759},
 primaryClass = "astro-ph.SR",
 keywords = {methods: numerical, stars: black holes, stars: kinematics and dynamics, globular clusters: general},
     year = 2016,
    month = may,
   volume = 458,
    pages = {1450-1465},
      doi = {10.1093/mnras/stw274},
   adsurl = {http://adsabs.harvard.edu/abs/2016MNRAS.458.1450W},
  adsnote = {Provided by the SAO/NASA Astrophysics Data System}
}


@INPROCEEDINGS{bedorf2014,
   author = {{B{\'e}dorf}, J. and {Gaburov}, E. and {Fujii}, M.~S. and {Nitadori}, K. and 
	{Ishiyama}, T. and {Portegies Zwart}, S.},
    title = "{24.77 Pflops on a Gravitational Tree-Code to Simulate the Milky Way Galaxy with 18600 GPUs}",
 keywords = {Astrophysics of Galaxies, Instrumentation and Methods for Astrophysics, Computer Science - Distributed, Parallel, and Cluster Computing },
booktitle = {Proceedings of the International Conference for High Performance Computing, Networking, Storage and Analysis, p. 54-65},
     year = 2014,
archivePrefix = "arXiv",
   eprint = {1412.0659},
    month = nov,
    pages = {54-65},
      doi = {10.1109/SC.2014.10},
   adsurl = {http://adsabs.harvard.edu/abs/2014hpcn.conf...54B},
  adsnote = {Provided by the SAO/NASA Astrophysics Data System}
}

@ARTICLE{barnes1986,
   author = {{Barnes}, J. and {Hut}, P.},
    title = "{A hierarchical O(N log N) force-calculation algorithm}",
  journal = {\nat},
 keywords = {Computational Astrophysics, Many Body Problem, Numerical Integration, Stellar Motions, Algorithms, Hierarchies},
     year = 1986,
    month = dec,
   volume = 324,
    pages = {446-449},
      doi = {10.1038/324446a0},
   adsurl = {http://adsabs.harvard.edu/abs/1986Natur.324..446B},
  adsnote = {Provided by the SAO/NASA Astrophysics Data System}
}

@ARTICLE{bagla2002,
   author = {{Bagla}, J.~S.},
    title = "{TreePM: A Code for Cosmological N-Body Simulations}",
  journal = {Journal of Astrophysics and Astronomy},
   eprint = {astro-ph/9911025},
 keywords = {Gravitation, methods: numerical, cosmology: large scale structure of the universe.},
     year = 2002,
    month = dec,
   volume = 23,
    pages = {185-196},
      doi = {10.1007/BF02702282},
   adsurl = {http://adsabs.harvard.edu/abs/2002JApA...23..185B},
  adsnote = {Provided by the SAO/NASA Astrophysics Data System}
}

@ARTICLE{lucy1977,
   author = {{Lucy}, L.~B.},
    title = "{A numerical approach to the testing of the fission hypothesis}",
  journal = {\aj},
 keywords = {Binary Stars, Hypotheses, Nuclear Fission, Numerical Analysis, Protostars, Stellar Evolution, Astronomical Models, Difference Equations, Gas Dynamics, Monte Carlo Method, Numerical Stability, Particle Motion, Stellar Rotation},
     year = 1977,
    month = dec,
   volume = 82,
    pages = {1013-1024},
      doi = {10.1086/112164},
   adsurl = {http://adsabs.harvard.edu/abs/1977AJ.....82.1013L},
  adsnote = {Provided by the SAO/NASA Astrophysics Data System}
}


@ARTICLE{gingold1977,
   author = {{Gingold}, R.~A. and {Monaghan}, J.~J.},
    title = "{Smoothed particle hydrodynamics - Theory and application to non-spherical stars}",
  journal = {\mnras},
 keywords = {Hydrodynamics, Particle Theory, Stellar Models, Astrophysics, Stellar Rotation, Stellar Structure},
     year = 1977,
    month = nov,
   volume = 181,
    pages = {375-389},
      doi = {10.1093/mnras/181.3.375},
   adsurl = {http://adsabs.harvard.edu/abs/1977MNRAS.181..375G},
  adsnote = {Provided by the SAO/NASA Astrophysics Data System}
}

@ARTICLE{price2012,
   author = {{Price}, D.~J.},
    title = "{Smoothed particle hydrodynamics and magnetohydrodynamics}",
  journal = {Journal of Computational Physics},
archivePrefix = "arXiv",
   eprint = {1012.1885},
 primaryClass = "astro-ph.IM",
     year = 2012,
    month = feb,
   volume = 231,
    pages = {759-794},
      doi = {10.1016/j.jcp.2010.12.011},
   adsurl = {http://adsabs.harvard.edu/abs/2012JCoPh.231..759P},
  adsnote = {Provided by the SAO/NASA Astrophysics Data System}
}


@ARTICLE{agertz2007,
   author = {{Agertz}, O. and {Moore}, B. and {Stadel}, J. and {Potter}, D. and 
	{Miniati}, F. and {Read}, J. and {Mayer}, L. and {Gawryszczak}, A. and 
	{Kravtsov}, A. and {Nordlund}, {\AA}. and {Pearce}, F. and {Quilis}, V. and 
	{Rudd}, D. and {Springel}, V. and {Stone}, J. and {Tasker}, E. and 
	{Teyssier}, R. and {Wadsley}, J. and {Walder}, R.},
    title = "{Fundamental differences between SPH and grid methods}",
  journal = {\mnras},
   eprint = {astro-ph/0610051},
 keywords = {hydrodynamics, instabilities, turbulence, methods: numerical, ISM: clouds, galaxies: evolution, galaxies: formation, galaxies: general},
     year = 2007,
    month = sep,
   volume = 380,
    pages = {963-978},
      doi = {10.1111/j.1365-2966.2007.12183.x},
   adsurl = {http://adsabs.harvard.edu/abs/2007MNRAS.380..963A},
  adsnote = {Provided by the SAO/NASA Astrophysics Data System}
}

@ARTICLE{read2010,
   author = {{Read}, J.~I. and {Hayfield}, T. and {Agertz}, O.},
    title = "{Resolving mixing in smoothed particle hydrodynamics}",
  journal = {\mnras},
archivePrefix = "arXiv",
   eprint = {0906.0774},
 keywords = {hydrodynamics, instabilities, methods: numerical},
     year = 2010,
    month = jul,
   volume = 405,
    pages = {1513-1530},
      doi = {10.1111/j.1365-2966.2010.16577.x},
   adsurl = {http://adsabs.harvard.edu/abs/2010MNRAS.405.1513R},
  adsnote = {Provided by the SAO/NASA Astrophysics Data System}
}

@ARTICLE{hopkins2013,
   author = {{Hopkins}, P.~F.},
    title = "{A general class of Lagrangian smoothed particle hydrodynamics methods and implications for fluid mixing problems}",
  journal = {\mnras},
archivePrefix = "arXiv",
   eprint = {1206.5006},
 primaryClass = "astro-ph.IM",
 keywords = {hydrodynamics, instabilities, turbulence, methods: numerical, cosmology: theory},
     year = 2013,
    month = feb,
   volume = 428,
    pages = {2840-2856},
      doi = {10.1093/mnras/sts210},
   adsurl = {http://adsabs.harvard.edu/abs/2013MNRAS.428.2840H},
  adsnote = {Provided by the SAO/NASA Astrophysics Data System}
}


@ARTICLE{abel2011,
   author = {{Abel}, T.},
    title = "{rpSPH: a novel smoothed particle hydrodynamics algorithm}",
  journal = {\mnras},
archivePrefix = "arXiv",
   eprint = {1003.0937},
 keywords = {hydrodynamics, instabilities, methods: numerical},
     year = 2011,
    month = may,
   volume = 413,
    pages = {271-285},
      doi = {10.1111/j.1365-2966.2010.18133.x},
   adsurl = {http://adsabs.harvard.edu/abs/2011MNRAS.413..271A},
  adsnote = {Provided by the SAO/NASA Astrophysics Data System}
}

@ARTICLE{springel2001,
   author = {{Springel}, V. and {Yoshida}, N. and {White}, S.~D.~M.},
    title = "{GADGET: a code for collisionless and gasdynamical cosmological simulations}",
  journal = {New Astronomy},
   eprint = {astro-ph/0003162},
     year = 2001,
    month = apr,
   volume = 6,
    pages = {79-117},
      doi = {10.1016/S1384-1076(01)00042-2},
   adsurl = {http://adsabs.harvard.edu/abs/2001NewA....6...79S},
  adsnote = {Provided by the SAO/NASA Astrophysics Data System}
}


@ARTICLE{springel2005b,
   author = {{Springel}, V.},
    title = "{The cosmological simulation code GADGET-2}",
  journal = {\mnras},
   eprint = {astro-ph/0505010},
 keywords = {methods: numerical, galaxies: interactions, dark matter},
     year = 2005,
    month = dec,
   volume = 364,
    pages = {1105-1134},
      doi = {10.1111/j.1365-2966.2005.09655.x},
   adsurl = {http://adsabs.harvard.edu/abs/2005MNRAS.364.1105S},
  adsnote = {Provided by the SAO/NASA Astrophysics Data System}
}

@ARTICLE{springel2005a,
   author = {{Springel}, V. and {White}, S.~D.~M. and {Jenkins}, A. and {Frenk}, C.~S. and 
	{Yoshida}, N. and {Gao}, L. and {Navarro}, J. and {Thacker}, R. and 
	{Croton}, D. and {Helly}, J. and {Peacock}, J.~A. and {Cole}, S. and 
	{Thomas}, P. and {Couchman}, H. and {Evrard}, A. and {Colberg}, J. and 
	{Pearce}, F.},
    title = "{Simulations of the formation, evolution and clustering of galaxies and quasars}",
  journal = {\nat},
   eprint = {astro-ph/0504097},
     year = 2005,
    month = jun,
   volume = 435,
    pages = {629-636},
      doi = {10.1038/nature03597},
   adsurl = {http://adsabs.harvard.edu/abs/2005Natur.435..629S},
  adsnote = {Provided by the SAO/NASA Astrophysics Data System}
}

@ARTICLE{springel2005c,
   author = {{Springel}, V. and {Di Matteo}, T. and {Hernquist}, L.},
    title = "{Modelling feedback from stars and black holes in galaxy mergers}",
  journal = {\mnras},
   eprint = {astro-ph/0411108},
 keywords = {methods: numerical, galaxies: active, galaxies: interactions, galaxies: starburst, galaxies: structure},
     year = 2005,
    month = aug,
   volume = 361,
    pages = {776-794},
      doi = {10.1111/j.1365-2966.2005.09238.x},
   adsurl = {http://adsabs.harvard.edu/abs/2005MNRAS.361..776S},
  adsnote = {Provided by the SAO/NASA Astrophysics Data System}
}

@ARTICLE{robertson2006,
   author = {{Robertson}, B. and {Bullock}, J.~S. and {Cox}, T.~J. and {Di Matteo}, T. and 
	{Hernquist}, L. and {Springel}, V. and {Yoshida}, N.},
    title = "{A Merger-driven Scenario for Cosmological Disk Galaxy Formation}",
  journal = {\apj},
   eprint = {astro-ph/0503369},
 keywords = {Galaxies: Evolution, Galaxies: Formation},
     year = 2006,
    month = jul,
   volume = 645,
    pages = {986-1000},
      doi = {10.1086/504412},
   adsurl = {http://adsabs.harvard.edu/abs/2006ApJ...645..986R},
  adsnote = {Provided by the SAO/NASA Astrophysics Data System}
}


@ARTICLE{schaye2015,
   author = {{Schaye}, J. and {Crain}, R.~A. and {Bower}, R.~G. and {Furlong}, M. and 
	{Schaller}, M. and {Theuns}, T. and {Dalla Vecchia}, C. and 
	{Frenk}, C.~S. and {McCarthy}, I.~G. and {Helly}, J.~C. and 
	{Jenkins}, A. and {Rosas-Guevara}, Y.~M. and {White}, S.~D.~M. and 
	{Baes}, M. and {Booth}, C.~M. and {Camps}, P. and {Navarro}, J.~F. and 
	{Qu}, Y. and {Rahmati}, A. and {Sawala}, T. and {Thomas}, P.~A. and 
	{Trayford}, J.},
    title = "{The EAGLE project: simulating the evolution and assembly of galaxies and their environments}",
  journal = {\mnras},
archivePrefix = "arXiv",
   eprint = {1407.7040},
 keywords = {methods: numerical, galaxies: evolution, galaxies: formation, cosmology: theory},
     year = 2015,
    month = jan,
   volume = 446,
    pages = {521-554},
      doi = {10.1093/mnras/stu2058},
   adsurl = {http://adsabs.harvard.edu/abs/2015MNRAS.446..521S},
  adsnote = {Provided by the SAO/NASA Astrophysics Data System}
}


@ARTICLE{sijacki2007,
   author = {{Sijacki}, D. and {Springel}, V. and {Di Matteo}, T. and {Hernquist}, L.
	},
    title = "{A unified model for AGN feedback in cosmological simulations of structure formation}",
  journal = {\mnras},
archivePrefix = "arXiv",
   eprint = {0705.2238},
 keywords = {black hole physics, methods: numerical, galaxies: clusters: general, galaxies: formation, cosmology: theory},
     year = 2007,
    month = sep,
   volume = 380,
    pages = {877-900},
      doi = {10.1111/j.1365-2966.2007.12153.x},
   adsurl = {http://adsabs.harvard.edu/abs/2007MNRAS.380..877S},
  adsnote = {Provided by the SAO/NASA Astrophysics Data System}
}

@ARTICLE{keres2009,
   author = {{Kere{\v s}}, D. and {Katz}, N. and {Fardal}, M. and {Dav{\'e}}, R. and 
	{Weinberg}, D.~H.},
    title = "{Galaxies in a simulated {$\Lambda$}CDM Universe - I. Cold mode and hot cores}",
  journal = {\mnras},
archivePrefix = "arXiv",
   eprint = {0809.1430},
 keywords = {cooling flows , galaxies: evolution , galaxies: formation , galaxies: haloes , intergalactic medium},
     year = 2009,
    month = may,
   volume = 395,
    pages = {160-179},
      doi = {10.1111/j.1365-2966.2009.14541.x},
   adsurl = {http://adsabs.harvard.edu/abs/2009MNRAS.395..160K},
  adsnote = {Provided by the SAO/NASA Astrophysics Data System}
}


@ARTICLE{jackson2012,
   author = {{Jackson}, A.~P. and {Wyatt}, M.~C.},
    title = "{Debris from terrestrial planet formation: the Moon-forming collision}",
  journal = {\mnras},
archivePrefix = "arXiv",
   eprint = {1206.4190},
 primaryClass = "astro-ph.EP",
 keywords = {Earth, Moon, planets and satellites: formation, planetary systems },
     year = 2012,
    month = sep,
   volume = 425,
    pages = {657-679},
      doi = {10.1111/j.1365-2966.2012.21546.x},
   adsurl = {http://adsabs.harvard.edu/abs/2012MNRAS.425..657J},
  adsnote = {Provided by the SAO/NASA Astrophysics Data System}
}

@ARTICLE{clark2011,
   author = {{Clark}, P.~C. and {Glover}, S.~C.~O. and {Smith}, R.~J. and 
	{Greif}, T.~H. and {Klessen}, R.~S. and {Bromm}, V.},
    title = "{The Formation and Fragmentation of Disks Around Primordial Protostars}",
  journal = {Science},
archivePrefix = "arXiv",
   eprint = {1101.5284},
     year = 2011,
    month = feb,
   volume = 331,
    pages = {1040},
      doi = {10.1126/science.1198027},
   adsurl = {http://adsabs.harvard.edu/abs/2011Sci...331.1040C},
  adsnote = {Provided by the SAO/NASA Astrophysics Data System}
}


@PHDTHESIS{stadel2001,
   author = {{Stadel}, J.~G.},
    title = "{Cosmological N-body simulations and their analysis}",
   school = {UNIVERSITY OF WASHINGTON},
     year = 2001,
   adsurl = {http://adsabs.harvard.edu/abs/2001PhDT........21S},
  adsnote = {Provided by the SAO/NASA Astrophysics Data System}
}

@ARTICLE{diemand2007,
   author = {{Diemand}, J. and {Kuhlen}, M. and {Madau}, P.},
    title = "{Formation and Evolution of Galaxy Dark Matter Halos and Their Substructure}",
  journal = {\apj},
   eprint = {astro-ph/0703337},
 keywords = {Cosmology: Theory, Cosmology: Dark Matter, Galaxies: Dwarf, Galaxies: Formation, Galaxies: Halos, Methods: Numerical},
     year = 2007,
    month = oct,
   volume = 667,
    pages = {859-877},
      doi = {10.1086/520573},
   adsurl = {http://adsabs.harvard.edu/abs/2007ApJ...667..859D},
  adsnote = {Provided by the SAO/NASA Astrophysics Data System}
}

@ARTICLE{diemand2008,
   author = {{Diemand}, J. and {Kuhlen}, M. and {Madau}, P. and {Zemp}, M. and 
	{Moore}, B. and {Potter}, D. and {Stadel}, J.},
    title = "{Clumps and streams in the local dark matter distribution}",
  journal = {\nat},
archivePrefix = "arXiv",
   eprint = {0805.1244},
     year = 2008,
    month = aug,
   volume = 454,
    pages = {735-738},
      doi = {10.1038/nature07153},
   adsurl = {http://adsabs.harvard.edu/abs/2008Natur.454..735D},
  adsnote = {Provided by the SAO/NASA Astrophysics Data System}
}


@ARTICLE{potter2017,
   author = {{Potter}, D. and {Stadel}, J. and {Teyssier}, R.},
    title = "{PKDGRAV3: beyond trillion particle cosmological simulations for the next era of galaxy surveys}",
  journal = {Computational Astrophysics and Cosmology},
archivePrefix = "arXiv",
   eprint = {1609.08621},
 primaryClass = "astro-ph.IM",
 keywords = {cosmology, astrophysics, simulations},
     year = 2017,
    month = may,
   volume = 4,
      eid = {2},
    pages = {2},
      doi = {10.1186/s40668-017-0021-1},
   adsurl = {http://adsabs.harvard.edu/abs/2017ComAC...4....2P},
  adsnote = {Provided by the SAO/NASA Astrophysics Data System}
}

@ARTICLE{wadsley2004,
   author = {{Wadsley}, J.~W. and {Stadel}, J. and {Quinn}, T.},
    title = "{Gasoline: a flexible, parallel implementation of TreeSPH}",
  journal = {New Astronomy},
   eprint = {astro-ph/0303521},
     year = 2004,
    month = feb,
   volume = 9,
    pages = {137-158},
      doi = {10.1016/j.newast.2003.08.004},
   adsurl = {http://adsabs.harvard.edu/abs/2004NewA....9..137W},
  adsnote = {Provided by the SAO/NASA Astrophysics Data System}
}

@ARTICLE{governato2004,
   author = {{Governato}, F. and {Mayer}, L. and {Wadsley}, J. and {Gardner}, J.~P. and 
	{Willman}, B. and {Hayashi}, E. and {Quinn}, T. and {Stadel}, J. and 
	{Lake}, G.},
    title = "{The Formation of a Realistic Disk Galaxy in {$\Lambda$}-dominated Cosmologies}",
  journal = {\apj},
   eprint = {astro-ph/0207044},
 keywords = {Galaxies: Formation, Hydrodynamics, Methods: n-Body Simulations},
     year = 2004,
    month = jun,
   volume = 607,
    pages = {688-696},
      doi = {10.1086/383516},
   adsurl = {http://adsabs.harvard.edu/abs/2004ApJ...607..688G},
  adsnote = {Provided by the SAO/NASA Astrophysics Data System}
}

@ARTICLE{gavernato2007,
   author = {{Governato}, F. and {Willman}, B. and {Mayer}, L. and {Brooks}, A. and 
	{Stinson}, G. and {Valenzuela}, O. and {Wadsley}, J. and {Quinn}, T.
	},
    title = "{Forming disc galaxies in {$\Lambda$}CDM simulations}",
  journal = {\mnras},
   eprint = {astro-ph/0602351},
 keywords = {methods: N-body simulations, galaxies: evolution, galaxies: formation},
     year = 2007,
    month = feb,
   volume = 374,
    pages = {1479-1494},
      doi = {10.1111/j.1365-2966.2006.11266.x},
   adsurl = {http://adsabs.harvard.edu/abs/2007MNRAS.374.1479G},
  adsnote = {Provided by the SAO/NASA Astrophysics Data System}
}

@ARTICLE{stinson2006,
   author = {{Stinson}, G. and {Seth}, A. and {Katz}, N. and {Wadsley}, J. and 
	{Governato}, F. and {Quinn}, T.},
    title = "{Star formation and feedback in smoothed particle hydrodynamic simulations - I. Isolated galaxies}",
  journal = {\mnras},
   eprint = {astro-ph/0602350},
 keywords = {hydrodynamics, methods: N-body simulations, stars: formation, Galaxy: evolution},
     year = 2006,
    month = dec,
   volume = 373,
    pages = {1074-1090},
      doi = {10.1111/j.1365-2966.2006.11097.x},
   adsurl = {http://adsabs.harvard.edu/abs/2006MNRAS.373.1074S},
  adsnote = {Provided by the SAO/NASA Astrophysics Data System}
}

@ARTICLE{pontzen2012,
   author = {{Pontzen}, A. and {Governato}, F.},
    title = "{How supernova feedback turns dark matter cusps into cores}",
  journal = {\mnras},
archivePrefix = "arXiv",
   eprint = {1106.0499},
 keywords = {galaxies: dwarf, dark matter},
     year = 2012,
    month = apr,
   volume = 421,
    pages = {3464-3471},
      doi = {10.1111/j.1365-2966.2012.20571.x},
   adsurl = {http://adsabs.harvard.edu/abs/2012MNRAS.421.3464P},
  adsnote = {Provided by the SAO/NASA Astrophysics Data System}
}

@ARTICLE{shen2010,
   author = {{Shen}, S. and {Wadsley}, J. and {Stinson}, G.},
    title = "{The enrichment of the intergalactic medium with adiabatic feedback - I. Metal cooling and metal diffusion}",
  journal = {\mnras},
archivePrefix = "arXiv",
   eprint = {0910.5956},
 keywords = {diffusion, hydrodynamics, methods: numerical, intergalactic medium, large-scale structure of Universe},
     year = 2010,
    month = sep,
   volume = 407,
    pages = {1581-1596},
      doi = {10.1111/j.1365-2966.2010.17047.x},
   adsurl = {http://adsabs.harvard.edu/abs/2010MNRAS.407.1581S},
  adsnote = {Provided by the SAO/NASA Astrophysics Data System}
}

@ARTICLE{guedes2011,
   author = {{Guedes}, J. and {Callegari}, S. and {Madau}, P. and {Mayer}, L.
	},
    title = "{Forming Realistic Late-type Spirals in a {$\Lambda$}CDM Universe: The Eris Simulation}",
  journal = {\apj},
archivePrefix = "arXiv",
   eprint = {1103.6030},
 keywords = {galaxies: formation},
     year = 2011,
    month = dec,
   volume = 742,
      eid = {76},
    pages = {76},
      doi = {10.1088/0004-637X/742/2/76},
   adsurl = {http://adsabs.harvard.edu/abs/2011ApJ...742...76G},
  adsnote = {Provided by the SAO/NASA Astrophysics Data System}
}

@ARTICLE{zolotov2012,
   author = {{Zolotov}, A. and {Brooks}, A.~M. and {Willman}, B. and {Governato}, F. and 
	{Pontzen}, A. and {Christensen}, C. and {Dekel}, A. and {Quinn}, T. and 
	{Shen}, S. and {Wadsley}, J.},
    title = "{Baryons Matter: Why Luminous Satellite Galaxies have Reduced Central Masses}",
  journal = {\apj},
archivePrefix = "arXiv",
   eprint = {1207.0007},
 keywords = {galaxies: dwarf, Galaxy: halo},
     year = 2012,
    month = dec,
   volume = 761,
      eid = {71},
    pages = {71},
      doi = {10.1088/0004-637X/761/1/71},
   adsurl = {http://adsabs.harvard.edu/abs/2012ApJ...761...71Z},
  adsnote = {Provided by the SAO/NASA Astrophysics Data System}
}

@INPROCEEDINGS{jetley2008,
author={P. Jetley and F. Gioachin and C. Mendes and L. V. Kale and T. Quinn},
booktitle={2008 IEEE International Symposium on Parallel and Distributed Processing},
title={Massively parallel cosmological simulations with ChaNGa},
year={2008},
volume={},
number={},
pages={1-12},
keywords={astronomy computing;cosmology;digital simulation;galaxies;parallel processing;resource allocation;CHARM++ infrastructure;ChaNGa;Cray XT3;IBM Blue Gene/L;galaxies;multiphase load balancer;multistepping capabilities;parallel cosmological simulations;production simulator;tree-based particle codes;universe;Astronomy;Computational modeling;Computer science;Computer simulation;Dark energy;Large-scale systems;Load management;Numerical simulation;Planets;Production},
doi={10.1109/IPDPS.2008.4536319},
ISSN={1530-2075},
month={April},}


@ARTICLE{wadsley2017,
   author = {{Wadsley}, J.~W. and {Keller}, B.~W. and {Quinn}, T.~R.},
    title = "{Gasoline2: A Modern SPH Code}",
  journal = {ArXiv e-prints},
archivePrefix = "arXiv",
   eprint = {1707.03824},
 primaryClass = "astro-ph.IM",
 keywords = {Astrophysics - Instrumentation and Methods for Astrophysics, Astrophysics - Cosmology and Nongalactic Astrophysics},
     year = 2017,
    month = jul,
   adsurl = {http://adsabs.harvard.edu/abs/2017arXiv170703824W},
  adsnote = {Provided by the SAO/NASA Astrophysics Data System}
}


@ARTICLE{price2017,
   author = {{Price}, D.~J. and {Wurster}, J. and {Nixon}, C. and {Tricco}, T.~S. and 
	{Toupin}, S. and {Pettitt}, A. and {Chan}, C. and {Laibe}, G. and 
	{Glover}, S. and {Dobbs}, C. and {Nealon}, R. and {Liptai}, D. and 
	{Worpel}, H. and {Bonnerot}, C. and {Dipierro}, G. and {Ragusa}, E. and 
	{Federrath}, C. and {Iaconi}, R. and {Reichardt}, T. and {Forgan}, D. and 
	{Hutchison}, M. and {Constantino}, T. and {Ayliffe}, B. and 
	{Mentiplay}, D. and {Hirsh}, K. and {Lodato}, G.},
    title = "{Phantom: A smoothed particle hydrodynamics and magnetohydrodynamics code for astrophysics}",
  journal = {ArXiv e-prints},
archivePrefix = "arXiv",
   eprint = {1702.03930},
 primaryClass = "astro-ph.IM",
 keywords = {Astrophysics - Instrumentation and Methods for Astrophysics, Astrophysics - Earth and Planetary Astrophysics, Astrophysics - Astrophysics of Galaxies, Astrophysics - High Energy Astrophysical Phenomena, Astrophysics - Solar and Stellar Astrophysics},
     year = 2017,
    month = feb,
   adsurl = {http://adsabs.harvard.edu/abs/2017arXiv170203930P},
  adsnote = {Provided by the SAO/NASA Astrophysics Data System}
}


@ARTICLE{hubber2011,
   author = {{Hubber}, D.~A. and {Batty}, C.~P. and {McLeod}, A. and {Whitworth}, A.~P.
	},
    title = "{SEREN - a new SPH code for star and planet formation simulations. Algorithms and tests}",
  journal = {\aap},
archivePrefix = "arXiv",
   eprint = {1102.0721},
 primaryClass = "astro-ph.SR",
 keywords = {hydrodynamics, methods: numerical, stars: formation},
     year = 2011,
    month = may,
   volume = 529,
      eid = {A27},
    pages = {A27},
      doi = {10.1051/0004-6361/201014949},
   adsurl = {http://adsabs.harvard.edu/abs/2011A%26A...529A..27H},
  adsnote = {Provided by the SAO/NASA Astrophysics Data System}
}

@ARTICLE{walch2013,
   author = {{Hubber}, D.~A. and {Walch}, S. and {Whitworth}, A.~P.},
    title = "{An improved sink particle algorithm for SPH simulations}",
  journal = {\mnras},
archivePrefix = "arXiv",
   eprint = {1301.4520},
 primaryClass = "astro-ph.IM",
 keywords = {gravitation, hydrodynamics, methods: numerical, stars: formation, galaxies: nuclei},
     year = 2013,
    month = apr,
   volume = 430,
    pages = {3261-3275},
      doi = {10.1093/mnras/stt128},
   adsurl = {http://adsabs.harvard.edu/abs/2013MNRAS.430.3261H},
  adsnote = {Provided by the SAO/NASA Astrophysics Data System}
}

@ARTICLE{walch2012,
   author = {{Walch}, S.~K. and {Whitworth}, A.~P. and {Bisbas}, T. and {W{\"u}nsch}, R. and 
	{Hubber}, D.},
    title = "{Dispersal of molecular clouds by ionizing radiation}",
  journal = {\mnras},
archivePrefix = "arXiv",
   eprint = {1206.6492},
 keywords = {stars: formation, hydrodynamics, ISM: bubbles, H II regions, galaxies: ISM},
     year = 2012,
    month = nov,
   volume = 427,
    pages = {625-636},
      doi = {10.1111/j.1365-2966.2012.21767.x},
   adsurl = {http://adsabs.harvard.edu/abs/2012MNRAS.427..625W},
  adsnote = {Provided by the SAO/NASA Astrophysics Data System}
}


@ARTICLE{boss1979,
   author = {{Boss}, A.~P. and {Bodenheimer}, P.},
    title = "{Fragmentation in a rotating protostar - A comparison of two three-dimensional computer codes}",
  journal = {\apj},
 keywords = {Computer Programs, Gravitational Collapse, Hydrodynamics, Mathematical Models, Protostars, Stellar Evolution, Binary Stars, Fragmentation, Pressure Effects, Stellar Gravitation, Stellar Rotation},
     year = 1979,
    month = nov,
   volume = 234,
    pages = {289-295},
      doi = {10.1086/157497},
   adsurl = {http://adsabs.harvard.edu/abs/1979ApJ...234..289B},
  adsnote = {Provided by the SAO/NASA Astrophysics Data System}
}

@ARTICLE{stone1992,
   author = {{Stone}, J.~M. and {Norman}, M.~L.},
    title = "{ZEUS-2D: A radiation magnetohydrodynamics code for astrophysical flows in two space dimensions. I - The hydrodynamic algorithms and tests.}",
  journal = {\apjs},
 keywords = {Computational Astrophysics, Cosmic Plasma, Hydrodynamic Equations, Magnetohydrodynamic Flow, Self Consistent Fields, Computational Grids, Finite Difference Theory, Plasma Radiation, Poisson Equation, Radiative Transfer},
     year = 1992,
    month = jun,
   volume = 80,
    pages = {753-790},
      doi = {10.1086/191680},
   adsurl = {http://adsabs.harvard.edu/abs/1992ApJS...80..753S},
  adsnote = {Provided by the SAO/NASA Astrophysics Data System}
}

@ARTICLE{berger1984,
   author = {{Berger}, M.~J. and {Oliger}, J.},
    title = "{Adaptive Mesh Refinement for Hyperbolic Partial Differential Equations}",
  journal = {Journal of Computational Physics},
     year = 1984,
    month = mar,
   volume = 53,
    pages = {484-512},
      doi = {10.1016/0021-9991(84)90073-1},
   adsurl = {http://adsabs.harvard.edu/abs/1984JCoPh..53..484B},
  adsnote = {Provided by the SAO/NASA Astrophysics Data System}
}

@ARTICLE{berger1989,
   author = {{Berger}, M.~J. and {Colella}, P.},
    title = "{Local adaptive mesh refinement for shock hydrodynamics}",
  journal = {Journal of Computational Physics},
 keywords = {Conservation Laws, Grid Generation (Mathematics), Hydrodynamics, Shock Waves, Algorithms, Boundary Integral Method, Discontinuity, Error Analysis, Euler Equations Of Motion, Numerical Analysis},
     year = 1989,
    month = may,
   volume = 82,
    pages = {64-84},
      doi = {10.1016/0021-9991(89)90035-1},
   adsurl = {http://adsabs.harvard.edu/abs/1989JCoPh..82...64B},
  adsnote = {Provided by the SAO/NASA Astrophysics Data System}
}

@ARTICLE{colella1984,
   author = {{Colella}, P. and {Woodward}, P.~R.},
    title = "{The Piecewise Parabolic Method (PPM) for Gas-Dynamical Simulations}",
  journal = {Journal of Computational Physics},
     year = 1984,
    month = sep,
   volume = 54,
    pages = {174-201},
      doi = {10.1016/0021-9991(84)90143-8},
   adsurl = {http://adsabs.harvard.edu/abs/1984JCoPh..54..174C},
  adsnote = {Provided by the SAO/NASA Astrophysics Data System}
}

@ARTICLE{zhang2016,
   author = {{Zhang}, W. and {Almgren}, A. and {Day}, M. and {Nguyen}, T. and 
	{Shalf}, J. and {Unat}, D.},
    title = "{BoxLib with Tiling: An AMR Software Framework}",
  journal = {ArXiv e-prints},
archivePrefix = "arXiv",
   eprint = {1604.03570},
 primaryClass = "cs.MS",
 keywords = {Computer Science - Mathematical Software, Physics - Computational Physics, 97N80},
     year = 2016,
    month = apr,
   adsurl = {http://adsabs.harvard.edu/abs/2016arXiv160403570Z},
  adsnote = {Provided by the SAO/NASA Astrophysics Data System}
}

@techreport{adams2015,
  title={Chombo software package for AMR applications-design document},
  author={Adams, M and Schwartz, Peter O and Johansen, Hans and Colella, Phillip and Ligocki, Terry J and Martin, Dan and Keen, ND and Graves, Dan and Modiano, D and Van Straalen, Brian and others},
  year={2015}
}

@ARTICLE{truelove1998,
   author = {{Truelove}, J.~K. and {Klein}, R.~I. and {McKee}, C.~F. and 
	{Holliman}, II, J.~H. and {Howell}, L.~H. and {Greenough}, J.~A. and 
	{Woods}, D.~T.},
    title = "{Self-gravitational Hydrodynamics with Three-dimensional Adaptive Mesh Refinement: Methodology and Applications to Molecular Cloud Collapse and Fragmentation}",
  journal = {\apj},
 keywords = {GRAVITATION, HYDRODYNAMICS, ISM: CLOUDS, METHODS: NUMERICAL, STARS: FORMATION, Gravitation, Hydrodynamics, ISM: Clouds, Methods: Numerical, Stars: Formation},
     year = 1998,
    month = mar,
   volume = 495,
    pages = {821-852},
      doi = {10.1086/305329},
   adsurl = {http://adsabs.harvard.edu/abs/1998ApJ...495..821T},
  adsnote = {Provided by the SAO/NASA Astrophysics Data System}
}


@ARTICLE{howell2003,
   author = {{Howell}, L.~H. and {Greenough}, J.~A.},
    title = "{Radiation diffusion for multi-fluid Eulerian hydrodynamics with adaptive mesh refinement}",
  journal = {Journal of Computational Physics},
     year = 2003,
    month = jan,
   volume = 184,
    pages = {53-78},
      doi = {10.1016/S0021-9991(02)00015-3},
   adsurl = {http://adsabs.harvard.edu/abs/2003JCoPh.184...53H},
  adsnote = {Provided by the SAO/NASA Astrophysics Data System}
}

@ARTICLE{myers2014,
   author = {{Myers}, A.~T. and {Klein}, R.~I. and {Krumholz}, M.~R. and 
	{McKee}, C.~F.},
    title = "{Star cluster formation in turbulent, magnetized dense clumps with radiative and outflow feedback}",
  journal = {\mnras},
archivePrefix = "arXiv",
   eprint = {1401.6096},
 keywords = {magnetic fields, radiative transfer, turbulence, stars: formation, stars: luminosity function, mass function, stars: protostars},
     year = 2014,
    month = apr,
   volume = 439,
    pages = {3420-3438},
      doi = {10.1093/mnras/stu190},
   adsurl = {http://adsabs.harvard.edu/abs/2014MNRAS.439.3420M},
  adsnote = {Provided by the SAO/NASA Astrophysics Data System}
}


@ARTICLE{rosen2016,
   author = {{Rosen}, A.~L. and {Krumholz}, M.~R. and {McKee}, C.~F. and 
	{Klein}, R.~I.},
    title = "{An unstable truth: how massive stars get their mass}",
  journal = {\mnras},
archivePrefix = "arXiv",
   eprint = {1607.03117},
 primaryClass = "astro-ph.SR",
 keywords = {hydrodynamics, instabilities, stars: formation, stars: massive, ISM: bubbles},
     year = 2016,
    month = dec,
   volume = 463,
    pages = {2553-2573},
      doi = {10.1093/mnras/stw2153},
   adsurl = {http://adsabs.harvard.edu/abs/2016MNRAS.463.2553R},
  adsnote = {Provided by the SAO/NASA Astrophysics Data System}
}


@ARTICLE{mignone2012,
   author = {{Mignone}, A. and {Zanni}, C. and {Tzeferacos}, P. and {van Straalen}, B. and 
	{Colella}, P. and {Bodo}, G.},
    title = "{The PLUTO Code for Adaptive Mesh Computations in Astrophysical Fluid Dynamics}",
  journal = {\apjs},
archivePrefix = "arXiv",
   eprint = {1110.0740},
 primaryClass = "astro-ph.HE",
 keywords = {hydrodynamics, magnetohydrodynamics: MHD, methods: numerical},
     year = 2012,
    month = jan,
   volume = 198,
      eid = {7},
    pages = {7},
      doi = {10.1088/0067-0049/198/1/7},
   adsurl = {http://adsabs.harvard.edu/abs/2012ApJS..198....7M},
  adsnote = {Provided by the SAO/NASA Astrophysics Data System}
}


@ARTICLE{kuiper2010,
   author = {{Kuiper}, R. and {Klahr}, H. and {Beuther}, H. and {Henning}, T.
	},
    title = "{Circumventing the Radiation Pressure Barrier in the Formation of Massive Stars via Disk Accretion}",
  journal = {\apj},
archivePrefix = "arXiv",
   eprint = {1008.4516},
 primaryClass = "astro-ph.SR",
 keywords = {accretion, accretion disks, circumstellar matter, hydrodynamics, methods: numerical, radiative transfer, stars: formation, stars: massive},
     year = 2010,
    month = oct,
   volume = 722,
    pages = {1556-1576},
      doi = {10.1088/0004-637X/722/2/1556},
   adsurl = {http://adsabs.harvard.edu/abs/2010ApJ...722.1556K},
  adsnote = {Provided by the SAO/NASA Astrophysics Data System}
}

@ARTICLE{lesur2014,
   author = {{Lesur}, G. and {Kunz}, M.~W. and {Fromang}, S.},
    title = "{Thanatology in protoplanetary discs. The combined influence of Ohmic, Hall, and ambipolar diffusion on dead zones}",
  journal = {\aap},
archivePrefix = "arXiv",
   eprint = {1402.4133},
 primaryClass = "astro-ph.SR",
 keywords = {accretion, accretion disks, instabilities, magnetohydrodynamics (MHD), protoplanetary disks, stars: formation},
     year = 2014,
    month = jun,
   volume = 566,
      eid = {A56},
    pages = {A56},
      doi = {10.1051/0004-6361/201423660},
   adsurl = {http://adsabs.harvard.edu/abs/2014A%26A...566A..56L},
  adsnote = {Provided by the SAO/NASA Astrophysics Data System}
}

@ARTICLE{burkert2012,
   author = {{Burkert}, A. and {Schartmann}, M. and {Alig}, C. and {Gillessen}, S. and 
	{Genzel}, R. and {Fritz}, T.~K. and {Eisenhauer}, F.},
    title = "{Physics of the Galactic Center Cloud G2, on Its Way toward the Supermassive Black Hole}",
  journal = {\apj},
archivePrefix = "arXiv",
   eprint = {1201.1414},
 keywords = {galaxies: active, galaxies: ISM, Galaxy: center, Galaxy: nucleus},
     year = 2012,
    month = may,
   volume = 750,
      eid = {58},
    pages = {58},
      doi = {10.1088/0004-637X/750/1/58},
   adsurl = {http://adsabs.harvard.edu/abs/2012ApJ...750...58B},
  adsnote = {Provided by the SAO/NASA Astrophysics Data System}
}

@ARTICLE{almgren2013,
   author = {{Almgren}, A.~S. and {Bell}, J.~B. and {Lijewski}, M.~J. and 
	{Luki{\'c}}, Z. and {Van Andel}, E.},
    title = "{Nyx: A Massively Parallel AMR Code for Computational Cosmology}",
  journal = {\apj},
archivePrefix = "arXiv",
   eprint = {1301.4498},
 primaryClass = "astro-ph.IM",
 keywords = {gravitation, hydrodynamics, methods: numerical },
     year = 2013,
    month = mar,
   volume = 765,
      eid = {39},
    pages = {39},
      doi = {10.1088/0004-637X/765/1/39},
   adsurl = {http://adsabs.harvard.edu/abs/2013ApJ...765...39A},
  adsnote = {Provided by the SAO/NASA Astrophysics Data System}
}

@ARTICLE{sorini2016,
   author = {{Sorini}, D. and {O{\~n}orbe}, J. and {Luki{\'c}}, Z. and {Hennawi}, J.~F.
	},
    title = "{Modeling the Ly{$\alpha$} Forest in Collisionless Simulations}",
  journal = {\apj},
archivePrefix = "arXiv",
   eprint = {1602.08099},
 keywords = {intergalactic medium, methods: numerical},
     year = 2016,
    month = aug,
   volume = 827,
      eid = {97},
    pages = {97},
      doi = {10.3847/0004-637X/827/2/97},
   adsurl = {http://adsabs.harvard.edu/abs/2016ApJ...827...97S},
  adsnote = {Provided by the SAO/NASA Astrophysics Data System}
}

@ARTICLE{nonoka2014,
   author = {{Nonaka}, A. and {Almgren}, A.~S. and {Bell}, J.~B. and {Lijewski}, M.~J. and 
	{Malone}, C.~M. and {Zingale}, M.},
    title = "{MAESTRO: An Adaptive Low Mach Number Hydrodynamics Algorithm for Stellar Flows}",
  journal = {\apjs},
archivePrefix = "arXiv",
   eprint = {1005.0112},
 primaryClass = "astro-ph.IM",
 keywords = {convection, hydrodynamics, methods: numerical, nuclear reactions, nucleosynthesis, abundances, supernovae: general, white dwarfs},
     year = 2010,
    month = jun,
   volume = 188,
    pages = {358-383},
      doi = {10.1088/0067-0049/188/2/358},
   adsurl = {http://adsabs.harvard.edu/abs/2010ApJS..188..358N},
  adsnote = {Provided by the SAO/NASA Astrophysics Data System}
}

@ARTICLE{almgren2010,
   author = {{Almgren}, A.~S. and {Beckner}, V.~E. and {Bell}, J.~B. and 
	{Day}, M.~S. and {Howell}, L.~H. and {Joggerst}, C.~C. and {Lijewski}, M.~J. and 
	{Nonaka}, A. and {Singer}, M. and {Zingale}, M.},
    title = "{CASTRO: A New Compressible Astrophysical Solver. I. Hydrodynamics and Self-gravity}",
  journal = {\apj},
archivePrefix = "arXiv",
   eprint = {1005.0114},
 primaryClass = "astro-ph.IM",
 keywords = {equation of state, gravitation, hydrodynamics, methods: numerical, nuclear reactions, nucleosynthesis, abundances},
     year = 2010,
    month = jun,
   volume = 715,
    pages = {1221-1238},
      doi = {10.1088/0004-637X/715/2/1221},
   adsurl = {http://adsabs.harvard.edu/abs/2010ApJ...715.1221A},
  adsnote = {Provided by the SAO/NASA Astrophysics Data System}
}

@ARTICLE{bryan2014,
   author = {{Bryan}, G.~L. and {Norman}, M.~L. and {O'Shea}, B.~W. and {Abel}, T. and 
	{Wise}, J.~H. and {Turk}, M.~J. and {Reynolds}, D.~R. and {Collins}, D.~C. and 
	{Wang}, P. and {Skillman}, S.~W. and {Smith}, B. and {Harkness}, R.~P. and 
	{Bordner}, J. and {Kim}, J.-h. and {Kuhlen}, M. and {Xu}, H. and 
	{Goldbaum}, N. and {Hummels}, C. and {Kritsuk}, A.~G. and {Tasker}, E. and 
	{Skory}, S. and {Simpson}, C.~M. and {Hahn}, O. and {Oishi}, J.~S. and 
	{So}, G.~C. and {Zhao}, F. and {Cen}, R. and {Li}, Y. and {Enzo Collaboration}
	},
    title = "{ENZO: An Adaptive Mesh Refinement Code for Astrophysics}",
  journal = {\apjs},
archivePrefix = "arXiv",
   eprint = {1307.2265},
 primaryClass = "astro-ph.IM",
 keywords = {hydrodynamics, methods: numerical},
     year = 2014,
    month = apr,
   volume = 211,
      eid = {19},
    pages = {19},
      doi = {10.1088/0067-0049/211/2/19},
   adsurl = {http://adsabs.harvard.edu/abs/2014ApJS..211...19B},
  adsnote = {Provided by the SAO/NASA Astrophysics Data System}
}

@ARTICLE{abel2002,
   author = {{Abel}, T. and {Bryan}, G.~L. and {Norman}, M.~L.},
    title = "{The Formation of the First Star in the Universe}",
  journal = {Science},
   eprint = {astro-ph/0112088},
     year = 2002,
    month = jan,
   volume = 295,
    pages = {93-98},
      doi = {10.1126/science.295.5552.93},
   adsurl = {http://adsabs.harvard.edu/abs/2002Sci...295...93A},
  adsnote = {Provided by the SAO/NASA Astrophysics Data System}
}


@ARTICLE{wise2012,
   author = {{Wise}, J.~H. and {Turk}, M.~J. and {Norman}, M.~L. and {Abel}, T.
	},
    title = "{The Birth of a Galaxy: Primordial Metal Enrichment and Stellar Populations}",
  journal = {\apj},
archivePrefix = "arXiv",
   eprint = {1011.2632},
 keywords = {dark ages, reionization, first stars, galaxies: dwarf, galaxies: high-redshift, galaxies: star formation, radiative transfer},
     year = 2012,
    month = jan,
   volume = 745,
      eid = {50},
    pages = {50},
      doi = {10.1088/0004-637X/745/1/50},
   adsurl = {http://adsabs.harvard.edu/abs/2012ApJ...745...50W},
  adsnote = {Provided by the SAO/NASA Astrophysics Data System}
}
@ARTICLE{xu2016,
   author = {{Xu}, H. and {Wise}, J.~H. and {Norman}, M.~L. and {Ahn}, K. and 
	{O'Shea}, B.~W.},
    title = "{Galaxy Properties and UV Escape Fractions during the Epoch of Reionization: Results from the Renaissance Simulations}",
  journal = {\apj},
archivePrefix = "arXiv",
   eprint = {1604.07842},
 keywords = {dark ages, reionization, first stars, galaxies: formation, galaxies: high-redshift, methods: numerical, radiative transfer},
     year = 2016,
    month = dec,
   volume = 833,
      eid = {84},
    pages = {84},
      doi = {10.3847/1538-4357/833/1/84},
   adsurl = {http://adsabs.harvard.edu/abs/2016ApJ...833...84X},
  adsnote = {Provided by the SAO/NASA Astrophysics Data System}
}

@ARTICLE{goldbaum2016,
   author = {{Goldbaum}, N.~J. and {Krumholz}, M.~R. and {Forbes}, J.~C.},
    title = "{Mass Transport and Turbulence in Gravitationally Unstable Disk Galaxies. II: The Effects of Star Formation Feedback}",
  journal = {\apj},
archivePrefix = "arXiv",
   eprint = {1605.00646},
 keywords = {galaxies: evolution, galaxies: kinematics and dynamics, galaxies: spiral, ISM: kinematics and dynamics, ISM: structure},
     year = 2016,
    month = aug,
   volume = 827,
      eid = {28},
    pages = {28},
      doi = {10.3847/0004-637X/827/1/28},
   adsurl = {http://adsabs.harvard.edu/abs/2016ApJ...827...28G},
  adsnote = {Provided by the SAO/NASA Astrophysics Data System}
}

@INPROCEEDINGS{dubey2013,
author={A. Dubey and K. Antypas and A. Calder and B. Fryxell and D. Lamb and P. Ricker and L. Reid and K. Riley and R. Rosner and A. Siegel and F. Timmes and N. Vladimirova and K. Weide},
booktitle={2013 5th International Workshop on Software Engineering for Computational Science and Engineering (SE-CSE)},
title={The Software development process of FLASH, a multiphysics simulation code},
year={2013},
volume={},
number={},
pages={1-8},
keywords={digital simulation;physics computing;software maintenance;FLASH code;extensible scientific simulation software system;modular software system;multiphysics simulation code;software development process;software evolution process;Astrophysics;Communities;Computer architecture;Databases;Educational institutions;Production;Software;FLASH code;adaptive mesh;case study;community code;software evolution},
doi={10.1109/SECSE.2013.6615093},
ISSN={},
month={May},}


@ARTICLE{fryxell2000,
   author = {{Fryxell}, B. and {Olson}, K. and {Ricker}, P. and {Timmes}, F.~X. and 
	{Zingale}, M. and {Lamb}, D.~Q. and {MacNeice}, P. and {Rosner}, R. and 
	{Truran}, J.~W. and {Tufo}, H.},
    title = "{FLASH: An Adaptive Mesh Hydrodynamics Code for Modeling Astrophysical Thermonuclear Flashes}",
  journal = {\apjs},
 keywords = {Equation of State, Hydrodynamics, Methods: Numerical, Nuclear Reactions, Nucleosynthesis, Abundances, Stars: General},
     year = 2000,
    month = nov,
   volume = 131,
    pages = {273-334},
      doi = {10.1086/317361},
   adsurl = {http://adsabs.harvard.edu/abs/2000ApJS..131..273F},
  adsnote = {Provided by the SAO/NASA Astrophysics Data System}
}

@ARTICLE{federrath2013,
   author = {{Federrath}, C.},
    title = "{On the universality of supersonic turbulence}",
  journal = {\mnras},
archivePrefix = "arXiv",
   eprint = {1306.3989},
 primaryClass = "astro-ph.SR",
 keywords = {hydrodynamics, turbulence, methods: numerical, ISM: clouds, ISM: kinematics and dynamics, ISM: structure},
     year = 2013,
    month = dec,
   volume = 436,
    pages = {1245-1257},
      doi = {10.1093/mnras/stt1644},
   adsurl = {http://adsabs.harvard.edu/abs/2013MNRAS.436.1245F},
  adsnote = {Provided by the SAO/NASA Astrophysics Data System}
}

@ARTICLE{couch2014,
   author = {{Couch}, S.~M. and {O'Connor}, E.~P.},
    title = "{High-resolution Three-dimensional Simulations of Core-collapse Supernovae in Multiple Progenitors}",
  journal = {\apj},
archivePrefix = "arXiv",
   eprint = {1310.5728},
 primaryClass = "astro-ph.HE",
 keywords = {hydrodynamics, methods: numerical, neutrinos, stars: interiors, supernovae: general},
     year = 2014,
    month = apr,
   volume = 785,
      eid = {123},
    pages = {123},
      doi = {10.1088/0004-637X/785/2/123},
   adsurl = {http://adsabs.harvard.edu/abs/2014ApJ...785..123C},
  adsnote = {Provided by the SAO/NASA Astrophysics Data System}
}

@ARTICLE{guillochon2013,
   author = {{Guillochon}, J. and {Ramirez-Ruiz}, E.},
    title = "{Hydrodynamical Simulations to Determine the Feeding Rate of Black Holes by the Tidal Disruption of Stars: The Importance of the Impact Parameter and Stellar Structure}",
  journal = {\apj},
archivePrefix = "arXiv",
   eprint = {1206.2350},
 primaryClass = "astro-ph.HE",
 keywords = {accretion, accretion disks, black hole physics, gravitation, hydrodynamics, methods: numerical},
     year = 2013,
    month = apr,
   volume = 767,
      eid = {25},
    pages = {25},
      doi = {10.1088/0004-637X/767/1/25},
   adsurl = {http://adsabs.harvard.edu/abs/2013ApJ...767...25G},
  adsnote = {Provided by the SAO/NASA Astrophysics Data System}
}


@ARTICLE{loffler2012,
   author = {{L{\"o}ffler}, F. and {Faber}, J. and {Bentivegna}, E. and {Bode}, T. and 
	{Diener}, P. and {Haas}, R. and {Hinder}, I. and {Mundim}, B.~C. and 
	{Ott}, C.~D. and {Schnetter}, E. and {Allen}, G. and {Campanelli}, M. and 
	{Laguna}, P.},
    title = "{The Einstein Toolkit: a community computational infrastructure for relativistic astrophysics}",
  journal = {Classical and Quantum Gravity},
archivePrefix = "arXiv",
   eprint = {1111.3344},
 primaryClass = "gr-qc",
     year = 2012,
    month = jun,
   volume = 29,
   number = 11,
      eid = {115001},
    pages = {115001},
      doi = {10.1088/0264-9381/29/11/115001},
   adsurl = {http://adsabs.harvard.edu/abs/2012CQGra..29k5001L},
  adsnote = {Provided by the SAO/NASA Astrophysics Data System}
}

@ARTICLE{loffler2013,
   author = {{L{\"o}ffler}, F. and {Brandt}, S.~R. and {Allen}, G. and {Schnetter}, E.
	},
    title = "{Cactus: Issues for Sustainable Simulation Software}",
  journal = {ArXiv e-prints},
archivePrefix = "arXiv",
   eprint = {1309.1812},
 primaryClass = "cs.CE",
 keywords = {Computer Science - Computational Engineering, Finance, and Science, Computer Science - Mathematical Software, Computer Science - Software Engineering},
     year = 2013,
    month = sep,
   adsurl = {http://adsabs.harvard.edu/abs/2013arXiv1309.1812L},
  adsnote = {Provided by the SAO/NASA Astrophysics Data System}
}

@ARTICLE{mosta2014,
   author = {{M{\"o}sta}, P. and {Richers}, S. and {Ott}, C.~D. and {Haas}, R. and 
	{Piro}, A.~L. and {Boydstun}, K. and {Abdikamalov}, E. and {Reisswig}, C. and 
	{Schnetter}, E.},
    title = "{Magnetorotational Core-collapse Supernovae in Three Dimensions}",
  journal = {\apjl},
archivePrefix = "arXiv",
   eprint = {1403.1230},
 primaryClass = "astro-ph.HE",
 keywords = {gamma-ray burst: general, instabilities, magnetohydrodynamics: MHD, neutrinos, supernovae: general},
     year = 2014,
    month = apr,
   volume = 785,
      eid = {L29},
    pages = {L29},
      doi = {10.1088/2041-8205/785/2/L29},
   adsurl = {http://adsabs.harvard.edu/abs/2014ApJ...785L..29M},
  adsnote = {Provided by the SAO/NASA Astrophysics Data System}
}


@ARTICLE{ajith2012,
   author = {{Ajith}, P. and {Boyle}, M. and {Brown}, D.~A. and {Br{\"u}gmann}, B. and 
	{Buchman}, L.~T. and {Cadonati}, L. and {Campanelli}, M. and 
	{Chu}, T. and {Etienne}, Z.~B. and {Fairhurst}, S. and {Hannam}, M. and 
	{Healy}, J. and {Hinder}, I. and {Husa}, S. and {Kidder}, L.~E. and 
	{Krishnan}, B. and {Laguna}, P. and {Liu}, Y.~T. and {London}, L. and 
	{Lousto}, C.~O. and {Lovelace}, G. and {MacDonald}, I. and {Marronetti}, P. and 
	{Mohapatra}, S. and {M{\"o}sta}, P. and {M{\"u}ller}, D. and 
	{Mundim}, B.~C. and {Nakano}, H. and {Ohme}, F. and {Paschalidis}, V. and 
	{Pekowsky}, L. and {Pollney}, D. and {Pfeiffer}, H.~P. and {Ponce}, M. and 
	{P{\"u}rrer}, M. and {Reifenberger}, G. and {Reisswig}, C. and 
	{Santamar{\'{\i}}a}, L. and {Scheel}, M.~A. and {Shapiro}, S.~L. and 
	{Shoemaker}, D. and {Sopuerta}, C.~F. and {Sperhake}, U. and 
	{Szil{\'a}gyi}, B. and {Taylor}, N.~W. and {Tichy}, W. and {Tsatsin}, P. and 
	{Zlochower}, Y.},
    title = "{The NINJA-2 catalog of hybrid post-Newtonian/numerical-relativity waveforms for non-precessing black-hole binaries}",
  journal = {Classical and Quantum Gravity},
archivePrefix = "arXiv",
   eprint = {1201.5319},
 primaryClass = "gr-qc",
     year = 2012,
    month = jun,
   volume = 29,
   number = 12,
      eid = {124001},
    pages = {124001},
      doi = {10.1088/0264-9381/29/12/124001},
   adsurl = {http://adsabs.harvard.edu/abs/2012CQGra..29l4001A},
  adsnote = {Provided by the SAO/NASA Astrophysics Data System}
}


@ARTICLE{teyssier2002,
   author = {{Teyssier}, R.},
    title = "{Cosmological hydrodynamics with adaptive mesh refinement. A new high resolution code called RAMSES}",
  journal = {\aap},
   eprint = {astro-ph/0111367},
 keywords = {GRAVITATION, HYDRODYNAMICS, METHODS: NUMERICAL, COSMOLOGY: THEORY, COSMOLOGY: LARGE-SCALE STRUCTURE OF UNIVERSE},
     year = 2002,
    month = apr,
   volume = 385,
    pages = {337-364},
      doi = {10.1051/0004-6361:20011817},
   adsurl = {http://adsabs.harvard.edu/abs/2002A%26A...385..337T},
  adsnote = {Provided by the SAO/NASA Astrophysics Data System}
}

@ARTICLE{stone2008,
   author = {{Stone}, J.~M. and {Gardiner}, T.~A. and {Teuben}, P. and {Hawley}, J.~F. and 
	{Simon}, J.~B.},
    title = "{Athena: A New Code for Astrophysical MHD}",
  journal = {\apjs},
archivePrefix = "arXiv",
   eprint = {0804.0402},
 keywords = {hydrodynamics, MHD, methods: numerical },
     year = 2008,
    month = sep,
   volume = 178,
      eid = {137-177},
    pages = {137-177},
      doi = {10.1086/588755},
   adsurl = {http://adsabs.harvard.edu/abs/2008ApJS..178..137S},
  adsnote = {Provided by the SAO/NASA Astrophysics Data System}
}

@ARTICLE{springel2010,
   author = {{Springel}, V.},
    title = "{E pur si muove: Galilean-invariant cosmological hydrodynamical simulations on a moving mesh}",
  journal = {\mnras},
archivePrefix = "arXiv",
   eprint = {0901.4107},
 keywords = {methods: numerical, galaxies: interactions, cosmology: dark matter},
     year = 2010,
    month = jan,
   volume = 401,
    pages = {791-851},
      doi = {10.1111/j.1365-2966.2009.15715.x},
   adsurl = {http://adsabs.harvard.edu/abs/2010MNRAS.401..791S},
  adsnote = {Provided by the SAO/NASA Astrophysics Data System}
}


@ARTICLE{vandenbroucke2016,
   author = {{Vandenbroucke}, B. and {De Rijcke}, S.},
    title = "{The moving mesh code SHADOWFAX}",
  journal = {Astronomy and Computing},
archivePrefix = "arXiv",
   eprint = {1605.03576},
 primaryClass = "astro-ph.IM",
 keywords = {Methods: numerical, Hydrodynamics},
     year = 2016,
    month = jul,
   volume = 16,
    pages = {109-130},
      doi = {10.1016/j.ascom.2016.05.001},
   adsurl = {http://adsabs.harvard.edu/abs/2016A%26C....16..109V},
  adsnote = {Provided by the SAO/NASA Astrophysics Data System}
}

@ARTICLE{vogelsberger2014,
   author = {{Vogelsberger}, M. and {Genel}, S. and {Springel}, V. and {Torrey}, P. and 
	{Sijacki}, D. and {Xu}, D. and {Snyder}, G. and {Nelson}, D. and 
	{Hernquist}, L.},
    title = "{Introducing the Illustris Project: simulating the coevolution of dark and visible matter in the Universe}",
  journal = {\mnras},
archivePrefix = "arXiv",
   eprint = {1405.2921},
 keywords = {methods: numerical, cosmology: theory},
     year = 2014,
    month = oct,
   volume = 444,
    pages = {1518-1547},
      doi = {10.1093/mnras/stu1536},
   adsurl = {http://adsabs.harvard.edu/abs/2014MNRAS.444.1518V},
  adsnote = {Provided by the SAO/NASA Astrophysics Data System}
}

@ARTICLE{weinberger2017,
   author = {{Weinberger}, R. and {Ehlert}, K. and {Pfrommer}, C. and {Pakmor}, R. and 
	{Springel}, V.},
    title = "{Simulating the interaction of jets with the intracluster medium}",
  journal = {\mnras},
archivePrefix = "arXiv",
   eprint = {1703.09223},
 keywords = {black hole physics, methods: numerical, ISM: jets and outflows, galaxies: clusters: general, galaxies: jets, galaxies: nuclei},
     year = 2017,
    month = oct,
   volume = 470,
    pages = {4530-4546},
      doi = {10.1093/mnras/stx1409},
   adsurl = {http://adsabs.harvard.edu/abs/2017MNRAS.470.4530W},
  adsnote = {Provided by the SAO/NASA Astrophysics Data System}
}


@ARTICLE{hopkins2015,
   author = {{Hopkins}, P.~F.},
    title = "{A new class of accurate, mesh-free hydrodynamic simulation methods}",
  journal = {\mnras},
archivePrefix = "arXiv",
   eprint = {1409.7395},
 keywords = {hydrodynamics, instabilities, turbulence, methods: numerical, cosmology: theory},
     year = 2015,
    month = jun,
   volume = 450,
    pages = {53-110},
      doi = {10.1093/mnras/stv195},
   adsurl = {http://adsabs.harvard.edu/abs/2015MNRAS.450...53H},
  adsnote = {Provided by the SAO/NASA Astrophysics Data System}
}


@ARTICLE{hopkins2017,
   author = {{Hopkins}, P.~F and {Wetzel}, A. and {Keres}, D. and {Faucher-Giguere}, C.-A. and 
	{Quataert}, E. and {Boylan-Kolchin}, M. and {Murray}, N. and 
	{Hayward}, C.~C. and {Garrison-Kimmel}, S. and {Hummels}, C. and 
	{Feldmann}, R. and {Torrey}, P. and {Ma}, X. and {Angles-Alcazar}, D. and 
	{Su}, K.-Y. and {Orr}, M. and {Schmitz}, D. and {Escala}, I. and 
	{Sanderson}, R. and {Grudic}, M.~Y. and {Hafen}, Z. and {Kim}, J.-H. and 
	{Fitts}, A. and {Bullock}, J.~S. and {Wheeler}, C. and {Chan}, T.~K. and 
	{Elbert}, O.~D. and {Narananan}, D.},
    title = "{FIRE-2 Simulations: Physics versus Numerics in Galaxy Formation}",
  journal = {ArXiv e-prints},
archivePrefix = "arXiv",
   eprint = {1702.06148},
 keywords = {Astrophysics - Astrophysics of Galaxies, Astrophysics - Cosmology and Nongalactic Astrophysics, Astrophysics - Instrumentation and Methods for Astrophysics},
     year = 2017,
    month = feb,
   adsurl = {http://adsabs.harvard.edu/abs/2017arXiv170206148H},
  adsnote = {Provided by the SAO/NASA Astrophysics Data System}
}

@ARTICLE{schive2010,
   author = {{Schive}, H.-Y. and {Tsai}, Y.-C. and {Chiueh}, T.},
    title = "{GAMER: A Graphic Processing Unit Accelerated Adaptive-Mesh-Refinement Code for Astrophysics}",
  journal = {\apjs},
archivePrefix = "arXiv",
   eprint = {0907.3390},
 primaryClass = "astro-ph.IM",
 keywords = {gravitation, hydrodynamics, methods: numerical},
     year = 2010,
    month = feb,
   volume = 186,
    pages = {457-484},
      doi = {10.1088/0067-0049/186/2/457},
   adsurl = {http://adsabs.harvard.edu/abs/2010ApJS..186..457S},
  adsnote = {Provided by the SAO/NASA Astrophysics Data System}
}
